2741 3711
725 845 1362 914 VNIVERSI'I'ATIS
1413 845 1993 911 LITTERARIAE

945 1017 1353 1072 FRmEchE
1398 1017 1791 1070 GVEELMAE

569 1183 1144 1274 RECTOR
1181 1313 1184 1316 ἢ
1223 1183 1402 1272 ET
1484 1182 2165 1273 SENATVS.

286 1409 508 1511 Brutina
533 1466 617 1510 fuit
641 1471 851 1511 tractatus
876 1464 1075 1510 'Graecus
1103 1465 1158 1510 de
1186 1465 1425 1523 comoedia,
1455 1480 1584 1524 quem
1617 1465 1653 1509 I.
1676 1461 1730 1510 A.
1757 1463 1990 1510 Cramerus
2017 1465 2183 1524 primus
2217 1480 2273 1510 ex
2301 1465 2450 1509 codice

287 1544 475 1603 quodam
506 1543 781 1590 Goisliniano
811 1550 1082 1603 protractum
1112 1544 1161 1589 in
1190 1543 1425 1589 Addendis
1456 1543 1513 1588 ad
1544 1543 1776 1588 Anecdota
1805 1542 1978 1589 Graeca
2006 1543 2274 1589 Parisiensia
2308 1541 2413 1601 (vol.
2436 1557 2453 1588 1

287 1621 430 1668 Oxon.
455 1619 592 1680 1839)
621 1623 788 1682 publici
807 1624 916 1668 iuris
936 1622 1055 1669 fecit.
1101 1622 1217 1667 Eum
1248 1629 1402 1682 postea
1427 1622 1616 1667 Iacobus
1636 1622 1907 1681 Bernaysius
1940 1623 2092 1667 subtili
2124 1638 2228 1667 cura
2253 1637 2452 1681 perscru-

286 1708 401 1747 tatus
433 1701 736 1760 supplementa
765 1701 980 1761 quaedam
1017 1702 1125 1747 artis
1162 1702 1360 1760 poeticae
1398 1701 1709 1746 Aristotelicae
1745 1702 2041 1760 investigavit,
2081 1717 2192 1761 quae
2223 1702 2269 1746 in
2300 1716 2451 1746 museo

284 1779 498 1825 Rhenano
529 1780 633 1834 (vol.
654 1794 753 1825 vm.
775 1780 913 1837 1853)
942 1780 1145 1839 primum,
1179 1780 1281 1825 dein
1312 1781 1358 1824 in
1389 1780 1540 1825 libello
1572 1781 1807 1839 separatim
1837 1781 1955 1824 edito
1986 1782 2200 1839 exposuit,
2234 1781 2304 1824 cui
2335 1781 2452 1824 hunc

284 1858 474 1903 indicem
503 1858 609 1903 fecit
644 1859 771 1910 Zwei
797 1858 1146 1918 Abhandlnmqm
1175 1858 1282 1904 aber
1311 1860 1382 1903 die
1410 1858 1733 1904 An‘etotels‘whe
1767 1859 1948 1904 Theos-ie
1978 1860 2052 1904 des
2082 1860 2256 1904 Drama
2285 1859 2450 1916 (Berol.

287 1935 436 1995 1880).
483 1937 709 1983 Postremo
730 1937 884 1983 eadem
911 1943 1119 1998 excerpta
1137 1936 1355 1996 Georgius
1376 1937 1609 1983 Kaibelius
1640 1938 1855 1996 tractavit,
1889 1939 1935 1983 in
1957 1938 2323 1984 commentatione
2345 1936 2450 1982 Got-

283 2016 475 2074 tingensi
496 2016 554 2071 (a.
578 2012 717 2072 1898)
736 2016 1077 2075 prolegomenon
1103 2018 1205 2075 περὶ
1223 2017 1453 2075 κωμῳδίας
1473 2032 1586 2075 quae
1607 2024 1831 2071 vocantur,
1865 2032 2049 2075 quorum
2070 2017 2149 2061 illa
2168 2032 2329 2075 magna
2349 2032 2450 2075 pars

282 2095 468 2152 fuerunt,
500 2101 697 2139 naturam
733 2102 777 2139 et
806 2096 1021 2153 originem
1049 2105 1318 2154 persecutus.
1567 2122 1571 2126 ·

497 2172 568 2217 Ex
597 2172 682 2217 hoc
708 2173 918 2231 opusculo
948 2188 1031 2219 nos
1061 2188 1329 2233 quamquam
1359 2180 1610 2232 poteramus
1642 2175 1768 2233 plura
1796 2190 1914 2220 nunc
1940 2191 2028 2220 non
2060 2175 2158 2234 plus
2191 2191 2322 2219 unam
2354 2190 2451 2219 sen·

284 2252 465 2296 tentiam
484 2251 723 2309 promimus
755 2250 1095 2309 edisserendam‚
1129 2267 1227 2297 eam
1247 2267 1336 2311 qua
1355 2252 1410 2297 de
1431 2268 1633 2298 sermone
1653 2260 1809 2312 poetae
1829 2254 1990 2298 comici
2020 2246 2302 2311 praecipitur3
2336 2268 2448 2311 quae

283 2345 365 2375 nec
384 2344 464 2389 per
483 2344 531 2374 se
552 2334 619 2374 est
639 2328 821 2387 indigna
839 2330 886 2373 in
907 2344 1039 2388 quam
1069 2331 1314 2390 inquiratur
1343 2336 1389 2375 et
1413 2331 1656 2377 identidem
1676 2337 1890 2390 temptata
1919 2347 1947 2375 a
1966 2331 2107 2375 doctis
2133 2331 2328 2375 nondum
2350 2347 2449 2376 eam

283 2423 394 2468 quae
433 2408 580 2453 nescio
617 2422 703 2465 quo
729 2413 858 2465 pacto
884 2408 1016 2466 periit
1046 2409 1277 2466 integritas
1307 2424 1591 2468 recuperasse
1623 2411 1752 2456 nobis
1782 2410 1967 2455 videtur.
2020 2409 2140 2453 Hinc
2170 2410 2304 2467 igitur
2329 2417 2446 2467 pete·

283 2502 380 2531 mus
401 2494 703 2543 argumentum
722 2485 891 2543 prologi
912 2500 1043 2544 quem
1063 2485 1166 2531 huic
1186 2502 1359 2546 quoque
1380 2488 1616 2533 lectionum
1638 2488 1985 2532 academicamm
2015 2488 2215 2531 recensui
2237 2495 2444 2533 consueto

282 2580 401 2611 more
431 2564 766 2624 praemittimus;
799 2563 1118 2622 disputabimus
1149 2571 1297 2611 autem
1325 2566 1390 2611 ita
1420 2572 1469 2612 ut
1493 2566 1578 2612 hac
1608 2567 1862 2625 quaestione
1894 2566 2094 2624 exemplo
2128 2572 2299 2612 utentes
2329 2566 2375 2610 in
2397 2582 2443 2611 re

283 2641 435 2689 critica
463 2642 702 2689 factitanda
721 2642 828 2703 quid
846 2642 1033 2703 probum
1062 2643 1135 2702 sit,
1167 2643 1273 2703 quid
1299 2658 1483 2703 pravum
1509 2644 1769 2690 edoceamus
1800 2659 1876 2690 eos
1908 2645 1946 2689 si
1974 2645 2050 2704 qui
2082 2644 2139 2689 ad
2159 2645 2268 2689 haec
2299 2645 2444 2689 studia

280 2723 550 2780 incumbunt,
580 2721 711 2767 simul
739 2721 787 2766 id
815 2722 969 2767 sectati
999 2728 1048 2766 ut
1077 2736 1132 2767 ex
1164 2737 1250 2767 uno
1279 2722 1378 2767 loco
1409 2724 1467 2768 ad
1488 2725 1722 2783 scriptores
1743 2724 1888 2783 plures
1921 2724 1960 2768 si
1989 2724 2087 2768 fieri
2107 2724 2247 2783 possit
2276 2724 2443 2782 aliquid

281 2803 482 2848 utilitatis
511 2801 737 2846 redundet.

497 2878 672 2939 Scripta
701 2881 748 2924 in
779 2880 855 2925 illo
885 2880 1035 2925 codice
1065 2886 1169 2925 sunt
1197 2881 1334 2926 verba
1362 2880 1473 2926 hac

639 2965 721 3004 Δετ
746 2957 821 3004 τὸν
856 2956 1167 3018 κωμῳδοποιὸν
1197 2956 1274 3017 τὴν
1302 2957 1488 3018 πάτριον
1523 2957 1658 3005 abucii
1686 2961 1889 3014 γλῶσσαν
1919 2968 2006 3012 mre,-
2040 2958 2288 3017 προσώποις
2318 2976 2442 3018 περι-

639 3040 827 3082 τιθέναι.
856 3036 932 3094 τὴν
961 3038 1012 3082 δὲ
1041 3035 1271 3094 ἒπιχόριον
1301 3033 1420 3098 αῧτῷ
1448 3038 1611 3095 ἐκείνῳ.

282 3118 407 3175 Quae
427 3117 563 3163 verba
582 3116 781 3175 quamvis
802 3116 1021 3161 neminem
1049 3115 1190 3174 fugiat
1219 3120 1295 3161 aut
1315 3115 1552 3175 depravata
1572 3130 1669 3161 esse
1700 3122 1776 3161 aut
1795 3116 1963 3174 mutila,
1995 3122 2144 3161 tamen
2176 3131 2327 3161 eorum
2353 3117 2443 3161 vim

281 3205 325 3243 et
355 3196 616 3243 sententiam
648 3211 703 3240 ex
733 3195 900 3241 incerta
928 3194 1025 3240 luce
1057 3194 1325 3253 corruptelae
1345 3194 1579 3253 Bernaysii
1609 3194 1836 3252 ingenium
1856 3201 2105 3240 assecutum
2137 3201 2217 3252 est,
2251 3196 2328 3254 qui
2355 3195 2443 3241 dis·

280 3277 444 3322 crimen
471 3274 690 3335 quoddam
716 3274 902 3320 indicari
927 3273 1155 3332 intellexit,
1189 3289 1274 3334 quo
1299 3279 1431 3333 poeta
1462 3273 1654 3318 comicus
1680 3279 1885 3330 uteretur,
1919 3288 2019 3318 cum
2045 3274 2246 3333 personis
2278 3276 2444 3332 agenti·

279 3356 362 3401 bus
393 3355 441 3400 in
471 3353 620 3400 fabula
650 3368 774 3399 suam
810 3353 996 3413 patriam
1031 3353 1226 3411 linguam
1261 3352 1516 3412 impertiret,
1554 3352 1771 3412 hospitem
1808 3359 1956 3398 autem
1986 3353 2026 3398 si
2058 3368 2188 3412 quem
2217 3352 2445 3398 induceret

2106 3435 2155 3472 1·
