2741 3711
1356 158 1387 204 9

507 295 570 324 or.
589 293 750 327 mvn
770 281 795 326 1

638 358 750 418 ’Ἁρα
778 357 856 405 διὰ
884 359 1022 405 ταῦτα
1052 361 1126 404 καὶ
1155 359 1210 405 τὰ
1239 362 1419 406 τοιαῦτα
1449 360 1665 418 ἐνομίσθη
1694 356 1833 418 σοφὸς
1862 358 1911 403 ἓν
1940 367 2028 411 τοῖς
2046 357 2454 417 Ἐλλησιν“Ηο“ίοδος

646 435 946 496 καὶοῧδψὸς
974 434 1156 492 ἀνάξιος
1183 438 1345 496 &dm
1373 439 1445 496 ric
1475 436 1607 496 δόξης
1636 432 2078 497 &eampo-mvn
2106 435 2453 496 amram

646 533 767 575 ματα
796 517 935 562 mech·
961 532 1008 562 u
1031 518 1106 561 καὶ
1125 515 1265 574 ᾅδων,
1284 513 1400 561 ἀλλὰ
1422 524 1517 568 ταῖς
1537 514 1742 567 Μούσαις
1761 512 1952 570 ὖνωχόν
1971 517 2045 560 καὶ
2062 514 2265 575 μαθητὴς
2284 512 2454 561 αὗτῦν

644 595 855 640 lustror
881 593 1149 653 γενόμενος,·’
1177 606 1180 609 “
1661 651 1665 654 ⁴

287 668 420 729 Quid,
451 671 562 717 haec
587 688 760 732 quoque
779 673 1009 718 toleranda
1028 673 1240 730 ducimus,
1269 687 1322 717 ac
1341 688 1431 717 non
1452 673 1637 717 alterum
1659 678 1805 716 utrum
1827 686 1975 715 eorum
1996 673 2302 730 pronominum
2329 674 2450 717 ocius

286 749 552 796 auferimus?>
596 749 686 796 Sed
716 752 918 797 addimus
948 768 1005 797 ex
1033 752 1256 797 Pausania
1286 768 1432 808 unum,
1465 764 1512 795 lv
1533 752 1605 808 26,
1629 751 1655 796 ‘1

645 828 671 874 ὅ
700 830 751 875 δὲ
776 828 998 888 Ἐπιτέλης
1032 828 1393 887 παραγενόμενος
1427 830 1473 880 ἐς
1501 827 1550 873 τὸ
1581 831 1810 887 εῑρημένον
1838 832 1997 885 χωρίον
2025 829 2226 884 ὄπέινχεν
2256 826 2451 885 ὀρύσσων

644 906 776 965 ύδρίᾳ
802 909 939 971 χαλκῇ
966 909 1042 953 καὶ
1070 904 1226 953 αόείκα
1256 904 1379 964 παρὰ
1410 905 1488 951 τὸν
1508 905 1873 964 Ἐπαμεινοίνδαν
1901 909 2083 964 κομίσας
2112 905 2162 950 ω’
2180 923 2225 951 u
2244 906 2451 952 ὃνύπνιον

644 987 833 1045 ἐξηγεῖτο
856 988 937 1031 καὶ
966 983 1125 1031 αὗτόν
1154 987 1361 1031 ἐκεῖνον
1391 984 1439 1029 τὸ
1459 987 1592 1043 πῶμα
1623 983 1848 1044 ἀφελόντα
1878 985 2072 1031 ἐκέλευεν
2102 985 2129 1029 ὅ
2149 1003 2188 1029 τι
2218 987 2330 1043 ἐνείη
2350 1000 2450 1030 σκο-

641 1067 841 1110 νοεῖσθαι.
2489 1060 2493 1063 ⁴

500 1142 612 1187 Item
644 1159 778 1188 unum
808 1158 864 1188 ex
893 1142 1179 1201 Alciphronis
1210 1142 1407 1202 epistolis
1437 1155 1455 1187 1
1481 1143 1540 1188 29
1568 1142 1634 1198 (tv
1653 1140 1702 1199 2)

643 1222 823 1266 δέδοικα
853 1221 904 1265 δὲ
933 1218 988 1266 οὗ
1015 1222 1064 1265 σὲ
1094 1222 1299 1266 τοσοῦτον
1328 1221 1432 1265 ὅσον
1461 1218 1619 1265 αὗτόν
1648 1222 1870 1273 ἐκεῖνον,

285 1299 439 1343 scribit
469 1298 671 1357 Glycera,
703 1299 998 1344 Menandrum
1029 1298 1180 1344 dicens
1212 1314 1346 1358 supra
1376 1306 1674 1344 memoratum.

498 1378 699 1436 Denique
730 1394 787 1422 ex
816 1378 960 1434 Longi
980 1377 1284 1422 Pastoralibus
1306 1377 1373 1431 (lv
1395 1379 1464 1434 17,
1491 1377 1548 1433 1),
1573 1378 1687 1435 apud
1707 1393 1836 1435 quem
1859 1377 2036 1422 Gnatho
2057 1379 2276 1434 parasitus
2298 1377 2447 1435 Daph-

284 1456 400 1500 nidis
432 1472 579 1500 amore
608 1457 731 1514 pueri
763 1456 989 1515 pastoricii
1020 1457 1227 1500 incensus
1259 1456 1462 1513 precibus
1495 1456 1718 1500 dominum
1740 1456 1844 1511 adit,
1867 1456 2006 1499 filium
2028 1456 2191 1511 erilem,
2215 1462 2264 1499 ut
2284 1471 2331 1500 se
2353 1457 2447 1500 eius

284 1541 526 1593 compotem
556 1533 725 1579 reddat.
757 1533 875 1593 quod
905 1533 982 1579 ille
1012 1549 1061 1579 se
1091 1534 1308 1579 facturum
1339 1534 1575 1592 promittit:
1608 1550 1644 1578 c.
1671 1534 1723 1579 17

643 1609 722 1657 οὒκ
751 1609 929 1669 ἀντέσχε
959 1611 1137 1658 κλαίοντε
1165 1614 1240 1657 καὶ
1271 1610 1407 1664 αὖθις
1435 1612 1534 1664 τοὺς
1564 1612 1708 1664 πόδας
1737 1613 2048 1669 καταφιλοῦντι
2075 1616 2297 1664 νεανίσκος
2316 1629 2445 1669 μεγα-

643 1689 824 1749 λόφρων
853 1693 927 1736 καὶ
963 1689 1042 1737 οὔκ
1075 1689 1258 1749 ἄπειρος
1295 1693 1494 1748 ἐρωτικῆς
1529 1691 1680 1749 λύπης,
1717 1689 1813 1735 ἀλλ’
1834 1689 2024 1748 αἰτήσειν
2054 1687 2189 1736 αὐτὸν
2220 1691 2342 1745 παρὰ
2374 1696 2450 1736 τοῦ

643 1768 808 1826 πατρὸς
827 1770 1109 1828 ἓπηγγείλαω
1138 1772 1213 1815 καὶ
1239 1778 1405 1827 κομιεῖν
1434 1772 1496 1821 εἷς
1525 1759 1601 1828 τὴν
1631 1768 1759 1815 πόλιν
1789 1767 1909 1829 αὐτῷ
1927 1770 2009 1827 μὲν
2035 1770 2209 1821 δοῦλον,
2230 1771 2377 1829 ἐκείνῳ
2400 1770 2448 1814 δὲ

642 1845 877 1904 ἔροὸμενον.
909 1849 972 1899 εὶς
995 1845 1217 1906 εὐθυμίαν
1242 1849 1291 1892 δὲ
1317 1850 1404 1892 καὶ
1430 1845 1593 1893 αὐτὸν
1618 1849 1820 1893 ἐκεῖνον
1844 1850 1995 1893 θέλον
2026 1856 2295 1905 προαγαγεῖν
2321 1849 2448 1893 ἕπον·

641 1923 808 1971 θοίνπο
832 1926 1013 1984 μειδιῦν
1041 1928 1082 1971 sl
1110 1923 1189 1972 οὔκ
1218 1925 1468 1983 αἰσχύνεωι
1503 1925 1725 1984 Δάμωνος
1755 1926 1853 1971 υἱὸν
1884 1928 2025 1986 φιλεῖν
2055 1924 2171 1971 ἀλλὰ
2203 1928 2276 1971 καὶ
2312 1940 2447 1971 σπου-

642 2003 763 2057 δάζει
798 2006 1186 2064 συγκατακλινῆναι
1221 2008 1395 2063 νέμοντι
1431 2007 1562 2060 αἶγας
1597 2009 1826 2063 μειρακίῳ·
1859 2007 1933 2049 καὶ
1963 2005 2058 2063 ἅμα
2094 2004 2342 2063 {metreta
2372 2005 2448 2063 τὴν

641 2082 845 2141 τραγικὴν
880 2084 1101 2128 δυσωδίαν
1135 2083 1451 2141 μυσάτπσθαι.
1505 2083 1630 2139 Quae
1667 2084 1742 2127 ille
1780 2099 1867 2127 nou
1904 2085 1968 2128 ita
2005 2100 2102 2128 esse
2138 2085 2373 2142 respondet
2404 2094 2447 2128 et

282 2160 479 2218 pluribus
510 2161 672 2205 amoris
703 2168 904 2207 naturam
936 2162 1129 2221 exponit.
1172 2162 1227 2207 In
1260 2163 1328 2207 his
1350 2177 1463 2221 quae
1484 2163 1709 2207 attulimus
1731 2178 1820 2206 non
1841 2163 2001 2206 iniuria
2022 2162 2252 2207 offensioni
2274 2163 2448 2206 fuerunt

282 2239 416 2283 verba
445 2241 519 2283 καὶ
548 2236 684 2284 αὐτὸν
712 2240 890 2295 ἐκεῖνον,
913 2255 1026 2300 quae
1046 2256 1134 2300 quo
1156 2241 1384 2286 referenda
1404 2242 1495 2286 sint
1515 2257 1603 2286 nou
1625 2247 1826 2300 apparet:
1848 2257 1950 2285 nam
1973 2256 2056 2286 nee
2076 2242 2290 2286 amasium
2313 2242 2445 2286 istum

282 2319 357 2376 qui
388 2333 443 2360 ne
470 2317 622 2361 aderat
651 2318 828 2376 quidem
859 2318 947 2362 dici
976 2326 1149 2377 poterat
1178 2320 1435 2364 adulescens
1467 2320 1580 2363 velle
1611 2320 1658 2363 iu
1688 2318 1909 2377 εὗθυμίαν
1938 2320 2167 2376 adducere,
2202 2329 2246 2363 et
2265 2321 2304 2363 si
2326 2319 2442 2364 Gua-

281 2396 459 2440 thouem
486 2396 671 2453 dicebat,
705 2397 939 2441 obscurum
971 2404 1066 2441 erat
1095 2412 1226 2456 quem
1256 2404 1429 2456 praeter
1459 2414 1557 2442 eum
1589 2413 1668 2455 per
1696 2399 1771 2441 καὶ
1800 2398 2057 2455 particulam
2085 2398 2271 2441 indicari
2300 2398 2443 2441 vellet.

280 2474 434 2533 Itaque
471 2473 725 2532 corrigendo
763 2474 873 2519 haec
903 2474 960 2519 ad
997 2490 1152 2520 sanam
1182 2476 1396 2520 rationem
1428 2490 1582 2533 cogere
1613 2482 1893 2534 temptarunt,
1928 2481 1972 2519 et
2002 2474 2058 2520 G.
2080 2475 2138 2519 A.
2161 2474 2441 2533 Hirsehigius

281 2552 457 2612 quidem
493 2553 540 2597 in
571 2551 807 2610 exemplari
844 2551 1089 2598 Parisiensi
1120 2554 1238 2599 1856
1281 2553 1390 2598 haec
1425 2554 1489 2598 ita
1525 2553 1694 2597 edenda
1729 2554 1899 2597 curavit
1934 2554 1997 2604 sk
2030 2550 2254 2609 εὗθυμίαν
2290 2554 2340 2597 δὲ
2368 2556 2442 2597 καὶ

280 2628 454 2683 αῧτὸς,
484 2632 649 2676 ἐκεῖνον
678 2632 828 2675 θέλων
857 2630 1080 2688 προάγειν,
1113 2631 1391 2677 ἐπυνθάνετο
1420 2650 1468 2689 μ.
1514 2629 1658 2686 Quam
1690 2633 1873 2675 mirifice
1904 2631 2168 2690 discerptam
2200 2633 2440 2675 orationem

278 2710 464 2755 fatemur
491 2724 573 2754 nec
603 2709 791 2767 intelligi
820 2724 950 2769 posse
980 2725 1064 2755 nec
1093 2711 1283 2769 probari.
1329 2710 1505 2756 Fortius
1537 2726 1634 2755 eam
1663 2726 1756 2755 rem
1788 2710 1879 2767 egit
1908 2708 1962 2755 R.
1984 2709 2238 2755 Hercherus
2264 2711 2311 2754 in
2332 2710 2438 2755 Ero·

278 2790 378 2834 ticis
410 2805 449 2834 a.
474 2789 605 2843 1858,
644 2790 718 2847 qui
757 2797 802 2832 et
835 2790 911 2833 καὶ
947 2795 992 2833 et
1026 2789 1195 2834 ἐκεῖνον
1233 2790 1411 2834 sustulit
1441 2797 1485 2834 et
1517 2790 1720 2848 scriptori
1750 2789 1860 2833 haec
1890 2796 2058 2833 tautum
2090 2789 2343 2847 relinquens
2379 2791 2441 2841 εἰς

278 2865 497 2926 οὗθυμίαν
526 2867 576 2912 δὲ
605 2865 740 2912 αὐτὸν
770 2868 920 2913 θέλων
949 2876 1222 2924 προαγαγεῖν
1251 2866 1528 2913 ἐπυνθάνετο
1559 2868 1706 2913 effecit
1736 2867 1854 2927 quod
1884 2867 1985 2912 ferri
2008 2883 2139 2926 posse
2159 2883 2289 2913 nemo
2310 2884 2439 2926 nega·

279 2947 403 3004 verit,
435 2945 544 2990 illud
575 2960 662 2989 non
694 2946 928 3004 quaeritur,
962 2945 1077 2989 uude
1108 2954 1212 2989 nata
1243 2947 1333 2990 siut
1362 2961 1475 3004 quae
1502 2946 1667 3004 scripta
1693 2946 2054 2990 circumferuntur
2079 2948 2154 2990 καὶ
2174 2943 2313 2991 αὗτόν
2338 2948 2442 2992 §nst-

280 3041 375 3081 νον;
406 3040 510 3069 nam
538 3024 772 3069 scribentis
803 3038 948 3068 errore
969 3024 1087 3067 *talia
1115 3039 1203 3068 non
1234 3025 1445 3068 oriuntur.
1494 3023 1581 3069 Sed
1614 3025 1663 3069 hi
1694 3024 1779 3068 duo
1810 3040 1837 3068 a
1863 3025 2196 3083 pronominibus
2222 3027 2444 3084 petierunt

280 3121 365 3165 quo
396 3106 441 3148 in
473 3103 744 3148 emendando
775 3109 1011 3147 uterentur.
1059 3104 1152 3148 Nos
1184 3103 1360 3147 aliunde
1382 3105 1712 3162 proficiscimur,
1736 3111 1786 3147 ut
1806 3104 2032 3161 explorato
2053 3105 2321 3150 narrationis
2342 3121 2443 3149 con·

279 3185 377 3230 silio
409 3184 491 3229 hoc
519 3181 802 3228 fundamento
833 3181 920 3227 nisi
951 3182 1193 3227 sententiae
1224 3181 1409 3227 formam
1439 3182 1735 3227 restituamus.
1780 3182 1896 3227 Nam
1919 3184 1957 3228 si
1978 3185 2216 3242 quaeritur,
2240 3200 2326 3243 quo
2349 3200 2442 3243 per·

278 3265 449 3309 tineaut
477 3278 530 3307 ea
545 3262 719 3321 quibus
751 3261 1009 3307 adulescens
1040 3263 1279 3320 parasitum
1317 3277 1444 3307 suum
1475 3270 1694 3307 amantem
1726 3263 1910 3307 excitari
1931 3270 1975 3307 et
2005 3263 2202 3308 hilariori
2224 3280 2272 3309 se
2294 3264 2443 3308 sensui

279 3342 383 3388 dare
415 3341 546 3402 cupit,
584 3341 686 3387 ilico
716 3339 989 3400 intelligitur,
1021 3356 1110 3386 nou
1140 3340 1358 3401 pertinere
1399 3357 1451 3387 ea
1480 3342 1568 3387 nisi
1599 3340 1655 3386 ad
1686 3355 1785 3386 eum
1815 3341 1962 3400 ipsum
1992 3343 2209 3388 amasium
2241 3358 2371 3402 quem
2403 3343 2443 3387 ei

2103 3424 2129 3462 2
