2741 3711
1304 82 1334 128 5

235 218 283 248 se
314 202 561 248 auctoritati
592 203 858 263 mancipavit
877 203 1159 263 Bernaysius.
1209 200 1299 248 Sed
1329 203 1414 248 hoc
1449 203 1538 247 iam
1573 201 1742 261 liquido
1779 203 1979 261 apparuit
2013 208 2217 247 neutrum
2253 217 2403 247 eorum

235 282 435 341 quamvis
456 280 616 328 Graeci
635 283 849 328 sermonis
870 283 1044 341 egregie
1062 282 1301 341 peritorum
1321 281 1407 327 hoc
1427 281 1536 327 satis
1556 281 1807 340 percepisse
1828 281 1931 340 quid
1952 282 2087 327 verba
2116 277 2236 342 αὗτᾷ
2254 281 2403 340 ἐκείνῳ

235 359 321 405 sibi
347 360 511 406 vellent
539 368 616 406 aut
645 376 773 420 quem
803 377 932 407 usum
952 363 997 406 et
1017 361 1280 407 sententiam
1309 359 1541 416 haberent3
1575 358 1692 418 quod
1713 359 1753 404 si
1772 360 1908 418 probe
1938 360 2278 420 perspexissent,
2313 375 2402 405 non

234 439 324 485 illis
359 440 635 499 potissimum
671 439 932 486 emendandi
967 438 1196 485 machinas
1231 438 1534 484 admovissent
1569 437 1649 483 sed
1685 438 1742 483 ab
1777 437 1834 483 iis
1871 439 1955 484 sibi
1990 438 2243 498 persuaderi
2280 439 2402 498 passi

234 525 393 578 essent,
432 534 518 579 qua
553 513 628 565 via
662 518 757 565 sola
790 534 920 579 opem
955 518 1068 564 ferre
1103 518 1180 563 isti
1217 516 1462 563 sententiae
1498 517 1664 561 liceret.
1718 515 1805 561 Sed
1837 531 1890 561 ea
1919 532 1989 562 res
2021 518 2227 576 quoniam
2259 518 2322 562 ita
2353 532 2401 562 se

232 597 376 656 habet,
408 613 498 643 non
528 598 676 657 inepte
705 612 835 656 agere
865 597 1217 643 existimabimur
1235 595 1359 655 quod
1380 596 1678 654 exemplorum
1711 597 1836 654 copia
1867 597 2020 640 docere
2041 598 2323 653 instituimus,
2358 603 2402 640 et

233 678 484 722 creberrimi
513 692 619 722 usus
649 692 747 722 esse
776 677 907 721 istam
937 675 1094 721 horum
1124 674 1432 734 pronominum
1462 674 1721 731 iuncturam,
1755 679 1799 718 et
1819 674 1889 718 cni
1911 675 2047 719 menti
2069 675 2194 720 cuive
2215 674 2399 720 consilio

232 754 384 801 eadem
414 755 563 802 iuncta
593 754 913 801 accommodari
943 753 1126 800 soleant.

447 834 629 879 Initium
656 834 846 886 ,facimus
877 834 934 879 ab
966 848 1018 878 eo
1049 832 1167 893 quod
1198 832 1328 877 nobis
1359 831 1716 890 antiquissimum
1746 832 1792 875 in
1824 840 2025 891 promptu
2056 841 2123 877 est
2153 834 2400 891 exemplum

231 914 456 971 Aeschyli,
488 915 565 972 qui
590 913 825 970 Electram,
858 913 935 958 ubi
964 911 1021 957 ad
1052 910 1270 957 tumulum
1299 910 1439 969 patris
1472 925 1681 968 expressa
1711 911 1870 969 pedum
1901 913 2088 971 vestigia
2118 912 2302 971 aspexit,
2335 913 2399 957 ita

230 992 481 1051 loquentem
512 993 618 1036 facit
647 990 714 1049 (in
746 990 995 1049 Ghoephor.
1018 990 1104 1035 197
1128 985 1248 1048 sqq.)

732 1072 806 1113 καὶ
833 1068 922 1126 μὴν
952 1072 1090 1124 στίβοι
1118 1085 1186 1122 rs,
1215 1066 1416 1123 δεύτερον
1446 1066 1688 1124 τεκμήριον,

733 1147 883 1192 ποδῶν
914 1145 1058 1203 ὅμοιοι
1086 1153 1177 1196 ωῖς
1206 1146 1243 1189 τ’·
1264 1145 1431 1201 δμοῖσιν
1461 1146 1675 1203 ἐμφερεῖς.

731 1227 805 1270 καὶ
834 1223 922 1283 γὰρ
953 1222 1022 1270 δύ’
1052 1222 1178 1269 ὃστὸν
1208 1222 1319 1268 αι’δε
1348 1221 1602 1282 περιγραφὰ
1634 1225 1806 1277 ποδοῖν,

611 1315 684 1352 200
732 1302 890 1349 αῧτοῦ
917 1306 953 1348 τ’
972 1304 1175 1348 ἐκείνου
1205 1304 1281 1347 καὶ
1310 1301 1581 1361 συνεμπόρου
1613 1302 1739 1355 τινός.

732 1386 912 1441 πέρναι
941 1380 1153 1428 τενόντων
1182 1382 1233 1426 θ’
1253 1378 1516 1442 ὖπογραφαὶ
1545 1380 1830 1440 μετρούμεναι

730 1464 792 1513 εἷς
822 1459 953 1507 ταύτὸ
982 1464 1269 1519 συμβαίνουσι
1298 1468 1388 1513 τοῖς
1417 1461 1539 1519 ἒμοῖς
1570 1465 1741 1519 στίβοις.

229 1540 362 1587 αὐτοῦ
391 1544 554 1586 ἐκείνου
586 1542 693 1585 dicit
722 1541 766 1585 h.
789 1556 827 1585 e.
849 1542 944 1585 eius
971 1541 1096 1585 cuius
1125 1555 1259 1599 supra
1278 1540 1416 1585 semel
1436 1547 1567 1598 atque
1587 1541 1745 1585 iterum
1766 1542 2033 1586 mentionem
2054 1542 2158 1586 fecit
2178 1540 2397 1599 (proxime

228 1638 268 1666 v.
294 1618 412 1678 186),
447 1620 630 1678 Orestis,
670 1634 856 1679 eumque
893 1618 1128 1663 advenisse
1163 1618 1248 1663 hoc
1285 1619 1472 1663 alterum
1503 1619 1623 1676 (post
1652 1616 1897 1677 πλόκαμον)
1933 1619 2145 1664 indicium
2175 1618 2398 1677 (δεύτερον

226 1697 467 1757 τεκμήριον)
494 1698 628 1742 fidem
657 1698 776 1755 facit,
808 1697 941 1757 idque
972 1712 1024 1742 eo
1055 1698 1197 1755 magis
1229 1697 1346 1756 quod
1376 1713 1467 1741 non
1499 1698 1628 1742 unius
1660 1698 1739 1742 sed
1761 1699 1944 1743 duorum
1965 1699 2190 1743 hominum
2211 1699 2399 1756 vestigia

227 1784 533 1835 agnoscuntur,
565 1777 705 1835 ipsius
736 1782 781 1821 et
811 1776 996 1821 alicuius
1027 1776 1201 1821 comitis
1233 1775 1341 1821 eius.
1393 1773 1470 1820 Sic
1501 1777 1619 1821 enim
1650 1777 1786 1822 verba
1811 1775 1938 1834 (199)
1966 1778 2041 1822 καὶ
2064 1776 2151 1833 γὰρ
2178 1776 2250 1822 δύ’
2275 1776 2398 1823 ἐστὸν

227 1855 336 1901 ταίδε
365 1854 616 1915 περιγραφὰ
645 1855 803 1901 ποδοῖν
839 1853 1096 1913 accipienda
1126 1869 1224 1899 cum
1254 1854 1475 1914 plerisque
1507 1853 1719 1911 ducimus,
1752 1871 1840 1899 non
1873 1856 2097 1900 amborum
2129 1855 2288 1913 pedum
2315 1857 2397 1901 cir-

218 1937 511 1993 cumscriptas
542 1942 670 1979 notas
701 1936 786 1978 dici
820 1935 898 1979 sed
931 1934 1124 1991 duplicia
1154 1933 1337 1980 duorum
1368 1933 1595 1979 hominum
1626 1934 1826 1992 vestigia.
1874 1931 1975 1990 Qua
2006 1934 2059 1980 de
2080 1951 2128 1980 re
2150 1950 2276 1981 secus
2299 1951 2395 1981 sen·

227 2015 337 2059 sisse
369 2011 576 2059 Carolum
600 2013 843 2059 Robertum
873 2011 1074 2059 videmus
1105 2028 1191 2072 quo
1222 2018 1400 2059 auctore
1429 2011 1613 2059 illustris
1645 2011 1861 2073 Aeschyli
1891 2012 2107 2073 interpres
2139 2028 2194 2058 ex
2225 2013 2394 2059 duobus

226 2092 425 2139 versibus
459 2091 560 2138 199.
582 2091 673 2138 200
702 2091 887 2137 alterum
917 2088 1046 2149 (208)
1077 2091 1270 2149 seclusit,
1304 2097 1354 2137 ut
1383 2092 1460 2152 qui
1490 2091 1753 2152 relinquitur
1784 2107 1896 2137 unus
1926 2108 2016 2137 non
2047 2093 2190 2152 possit
2219 2093 2308 2137 nisi
2340 2093 2394 2137 de

226 2172 437 2218 ambobus
469 2169 654 2230 pedibus
687 2170 813 2215 unius
844 2169 1043 2229 intelligi,
1077 2171 1152 2215 καὶ
1179 2168 1265 2228 γὰρ
1295 2169 1369 2216 δύ’
1399 2167 1527 2216 ὀπὸν
1553 2169 1664 2215 τόδε
1690 2170 1944 2231 περιγραφὰ
1962 2172 2140 2226 ποδοῖνς
2172 2172 2288 2230 quod
2310 2174 2392 2216 etsi

227 2248 552 2297 Wilamowitzii
581 2249 883 2308 interpretatio
913 2248 1031 2294 haud
1061 2249 1219 2294 inscite
1248 2249 1453 2308 reddidit,
1486 2240 1636 2294 tamen
1664 2250 1894 2294 haeremus
1925 2252 2133 2308 ambigui,
2167 2252 2271 2309 quia
2302 2268 2392 2295 non

226 2330 333 2376 satis
365 2333 554 2389 apparet,
587 2326 693 2387 quid
722 2327 807 2372 hoc
831 2327 965 2372 fidem
991 2341 1150 2387 augere
1170 2329 1322 2387 possit,
1346 2329 1463 2387 qnod
1484 2330 1711 2373 amborum
1732 2330 1904 2387 pedum,
1928 2345 2015 2373 non
2037 2331 2179 2386 unius,
2202 2332 2391 2387 vestigia

227 2408 573 2467 conspiciuntur:
593 2406 790 2462 alterum,
814 2405 924 2450 duos
943 2405 1080 2450 fuisse
1099 2406 1304 2463 advenas,
1322 2407 1430 2465 quid
1451 2407 1605 2451 afferat
1618 2407 1674 2451 ad
1690 2422 1814 2464 spem
1829 2408 2174 2452 confirmandam
2190 2417 2390 2467 apertum

227 2494 306 2533 est.
353 2486 413 2531 Et
442 2484 655 2545 quidquid
683 2484 840 2528 incerti
870 2490 939 2528 est
967 2484 1015 2528 in
1045 2485 1133 2528 ista
1162 2485 1359 2529 oratione
1379 2483 1509 2541 (199)
1541 2485 1711 2529 adiecto
1742 2486 1879 2529 altero
1911 2480 2042 2530 versu
2066 2486 2246 2531 tollitur.
2294 2489 2388 2532 Nec

224 2564 463 2624 Sophocles
491 2579 591 2609 cum
609 2563 786 2608 Electra
811 2568 941 2607 canat
959 2559 1070 2619 (205
1091 2559 1209 2621 sqq.)
1229 2561 1328 2614 τοὺς
1347 2561 1452 2621 ἐμὸς
1472 2563 1538 2608 ἴδε
1559 2562 1699 2622 πατὴρ
1726 2562 1953 2616 θανάτους
1979 2566 2116 2616 αἰκεῖς
2141 2564 2387 2623 διδύμαιν

223 2651 439 2700 χειροῖν,
470 2648 524 2689 αῖ
548 2644 623 2688 τὸν
651 2639 758 2698 ἐμὸν
788 2640 904 2686 εἷλον
933 2643 1030 2697 βίον
1049 2639 1283 2698 πρόδοτον,
1305 2640 1414 2685 duas
1435 2656 1591 2685 manus
1611 2642 1767 2686 maluit
1786 2654 1918 2701 qnam
1940 2643 2123 2687 duorum
2144 2660 2299 2688 manus
2319 2646 2384 2688 in·

223 2724 376 2780 telligi.
425 2721 514 2766 Sed
544 2721 741 2779 quisquis
770 2719 888 2764 hunc
917 2735 1093 2764 versum
1122 2717 1312 2777 scripsit,
1345 2718 1439 2763 sive
1469 2719 1508 2763 is
1539 2725 1669 2778 poeta
1697 2719 1781 2764 fuit
1810 2727 1859 2764 ut
1884 2727 2088 2780 putamus
2115 2722 2209 2767 sive
2236 2724 2384 2768 nescio

188 2826 192 2830 Δ
224 2802 321 2861 quis
352 2801 477 2857 alius,
509 2801 549 2844 is
580 2800 710 2858 plane
740 2798 794 2843 de
824 2812 944 2844 more
973 2798 1071 2843 istis
1102 2796 1433 2856 pronominibus
1463 2793 1617 2855 (αὗτοῦ
1645 2797 1680 2843 τ’
1703 2796 1887 2857 ἐκείνου)
1917 2816 2022 2844 usus
2054 2807 2134 2844 est.

438 2878 539 2925 Non
569 2878 696 2924 aliter
724 2876 886 2923 Lichas
916 2877 964 2923 in
994 2875 1241 2923 Trachiniis
1270 2873 1380 2934 (283
1401 2872 1519 2936 sqq.)

1111 2954 1243 3001 τάσδε
1271 2956 1314 3000 δ’
1333 2954 1471 3013 ἇσπερ
1500 2958 1672 3014 εἰσορᾷς

723 3036 771 3090 ἒξ
801 3032 959 3091 ὀλβίαν
987 3033 1146 3094 ἄζηλον
1173 3032 1375 3092 εὑροῦσαι
1402 3038 1501 3092 βίον

605 3124 678 3164 285
723 3116 909 3173 χωροῦσι
937 3114 1046 3171 πρὸς
1075 3116 1143 3159 ⁶6·
1162 3115 1300 3159 ταῦτα
1328 3111 1414 3172 γὰρ
1443 3111 1569 3166 πόσις
1597 3131 1642 3159 ss
1672 3110 1747 3166 σὸς

723 3195 872 3254 ἔφεπ’,
901 3191 987 3249 dr&
1017 3192 1068 3239 δὲ
1095 3190 1243 3244 ms·
1271 3192 1336 3238 ὃν
1364 3195 1490 3251 κείνῳ
1520 3193 1640 3238 πλοῖ.

726 3269 882 3319 adver
911 3272 1193 3327 δ’ὃκεῖνον,
1221 3267 1305 3317 εὖτ’
1327 3271 1386 3318 ἂν
1415 3269 1532 3328 ἁγνὰ
1560 3270 1742 3331 θύματα
