2741 3711
1339 123 1399 169 10

278 242 408 288 modo
429 243 631 301 promisit
661 257 893 303 quemque,
927 244 1133 303 quoniam
1165 243 1314 288 statim
1345 258 1397 288 eo
1431 243 1562 303 potiri
1592 258 1680 289 non
1712 249 1869 304 potest,
1902 242 2078 289 interim
2108 242 2295 289 iocando
2326 243 2450 289 vilio·

277 338 371 366 rem
401 338 499 367 esse
526 322 721 367 ostendit
750 337 884 381 quam
916 324 1040 368 cuius
1071 338 1218 368 amore
1239 321 1419 368 Gnatho
1449 329 1662 368 teneatur.
1710 321 1843 379 Quod
1869 324 1907 368 si
1928 323 1992 367 ita
2009 328 2129 367 recte
2149 322 2452 381 interpretabi-

278 417 387 458 mur,
423 408 765 446 consentaneum
796 407 867 446 est
887 398 1020 447 αὐτὸν
1038 402 1204 447 ἐκεῖνον
1224 415 1407 460 puerum
1428 401 1562 446 istum
1582 402 1866 460 pastoricium
1886 400 2099 461 appellari
2119 414 2203 446 neo
2222 407 2453 460 peccatum

279 495 375 523 esse
396 480 483 524 nisi
515 481 561 524 in
593 482 668 524 καὶ
700 480 941 538 particula3
974 481 1097 525 cuius
1127 480 1225 524 loco
1257 480 1334 525 ubi
1363 480 1589 539 reponitur
1614 483 1721 538 κατ’,
1744 481 2007 526 senteutiam
2025 479 2321 525 nanciscimur
2341 493 2453 538 quae

279 573 407 602 omne
446 559 622 616 explere
655 558 923 603 desiderium
955 559 1167 603 videatur.
1200 557 1319 619 αὑτῷ
1348 559 1432 615 μὲν
1462 559 1639 612 δοῦλον,
1674 560 1854 618 dash-qs
1886 560 1935 604 δὲ
1960 557 2196 617 decimor.
2222 559 2285 609 εἰς
2315 554 2452 602 εὔθυ-

277 639 384 693 μίαν
416 635 465 680 δὲ
495 637 608 680 κατ’
628 633 788 682 αὐτὸν
814 637 1013 682 ἐκεῖνον
1040 637 1190 682 θέλων
1215 644 1487 694 necarant»
1506 628 1787 683 ὖπννθᾰὺεω
1806 638 1896 683 κτλ..
1916 652 2019 682 nam
2039 642 2085 682 et
2103 635 2188 681 hoc
2205 636 2300 682 κατ’
2319 631 2455 681 adrev

278 716 445 760 ἐκεῖνον
476 716 519 760 h.
543 731 581 760 e.
597 714 733 775 ‘quod
766 716 924 760 attinet
953 715 1010 760 ad
1040 715 1166 760 illum
1197 712 1358 774 ipsum'
1392 722 1509 760 recte
1536 715 1641 761 addi
1661 723 1845 776 apparet
1862 731 1945 762 nec
1966 715 2206 762 desiderari
2225 730 2358 775 quem
2377 714 2453 759 ille

278 802 550 851 προαγαγεῖν
572 794 756 851 dicatur,
789 795 865 853 qui
886 795 1143 853 praesertim
1163 794 1295 838 modo
1316 795 1561 853 appellatus
1582 801 1663 839 est.
1703 795 1859 854 Itaque
1879 810 1961 840 nos
1982 796 2066 840 hoc
2084 809 2260 854 quoque
2281 794 2453 838 verissi-

278 889 398 918 mum
430 889 529 917 esse
561 875 656 917 eius
688 889 792 916 usus
824 872 1072 930 exemplum
1103 872 1316 918 habemus
1348 889 1478 932 quem
1510 873 1732 918 declarare
1762 874 2048 919 instituimus.

497 951 585 997 His
612 952 823 1010 exemplis
851 952 891 996 si
917 967 1005 1011 qua
1029 951 1140 997 fides
1168 960 1249 1009 est,
1282 954 1370 998 iam
1394 952 1625 1009 constabit,
1658 952 1770 998 nihil
1789 954 2061 1013 frequentius
2080 968 2179 998 esse
2200 951 2317 1012 apud
2348 951 2454 997 scri·

280 1039 427 1089 ptores
444 1030 639 1077 Graecos
661 1031 730 1076 his
750 1031 1088 1090 pronominibus
1109 1032 1284 1077 iunctis.
1321 1031 1374 1076 In
1397 1047 1484 1090 qua
1502 1047 1550 1077 re
1571 1040 1719 1077 tamen
1740 1048 1796 1077 ne
1817 1032 1927 1077 illud
1948 1032 2125 1092 quidem
2146 1029 2454 1090 negligendum

281 1117 349 1153 est
369 1124 698 1168 nonnumquam
729 1108 914 1153 alterum
946 1115 1092 1153 utrum
1124 1124 1273 1154 eorum
1305 1109 1610 1168 pronominum
1632 1110 1727 1155 sive
1746 1107 1883 1156 αὐτὸν
1904 1111 1999 1156 sive
2018 1110 2184 1156 ὂκετνον
2203 1109 2358 1155 abesse
2378 1122 2454 1167 po-

279 1188 431 1244 tuisse,
464 1187 574 1232 adeo
605 1194 803 1232 nostrum
826 1187 865 1232 si
886 1202 1066 1232 sensum
1089 1188 1357 1233 consulimus
1379 1187 1535 1234 melius
1562 1188 1770 1246 abfuisse,
1804 1194 1852 1234 ut
1877 1189 2157 1249 perspicuum
2184 1203 2281 1233 esse
2302 1186 2453 1246 possit,

281 1267 396 1327 quod
414 1268 563 1311 iuncta
577 1267 682 1326 poni
699 1267 855 1324 solent,
878 1267 925 1312 in
947 1283 999 1312 eo
1021 1266 1380 1312 consuetudinem
1400 1266 1622 1327 quandam
1638 1268 1854 1314 sermonis
1870 1266 2030 1314 Graeci
2047 1267 2240 1326 agnosci,
2261 1282 2290 1311 a
2304 1273 2456 1311 nostro

280 1363 401 1392 more
424 1347 632 1392 alienam:
656 1347 774 1406 quod
798 1362 897 1392 cum
918 1348 982 1392 ita
1003 1348 1073 1404 sit,
1098 1363 1149 1392 eo
1170 1347 1311 1405 magis
1334 1347 1577 1392 cavendum
1598 1355 1679 1405 est,
1701 1363 1758 1393 ne
1778 1347 1897 1406 quod
1918 1362 2049 1406 saepe
2069 1347 2164 1392 fieri
2180 1346 2293 1392 solet
2307 1352 2456 1390 nostro

280 1426 515 1471 inducente
536 1441 670 1471 sensu
691 1426 965 1485 abripiamur
984 1427 1031 1472 in
1056 1442 1238 1472 errores.

499 1504 561 1549 Ut
581 1504 811 1549 redeamus
834 1505 1011 1549 tandem
1032 1505 1088 1549 ad
1111 1521 1207 1549 eam
1228 1520 1359 1564 quam
1381 1505 1621 1562 agebamus
1644 1505 1920 1561 sententiam,
1953 1505 2040 1549 iam
2062 1519 2204 1561 nemo,
2237 1509 2454 1562 putamus,

281 1584 544 1627 infitiabitur
565 1584 702 1628 verba
722 1582 955 1641 ἐπιχώριον
985 1580 1105 1643 αιἠᾦ
1134 1584 1283 1641 ἰκείνῳ
1310 1591 1428 1628 recte
1450 1584 1617 1643 scripta
1638 1591 1683 1628 et
1702 1599 1801 1651 eum
1822 1599 1954 1643 quem
1973 1583 2084 1627 haec
2103 1582 2364 1641 pronomina
2384 1581 2455 1626 de-

283 1664 459 1720 signant
491 1662 666 1707 defectu
698 1663 910 1707 orationis
940 1662 1145 1707 haustum
1180 1677 1290 1707 esse.
1338 1662 1440 1708 Hoc
1473 1663 1591 1708 enim
1626 1657 1828 1721 exempla
1855 1662 2108 1719 docuerunt,
2143 1677 2241 1706 eum
2267 1660 2339 1706 vel
2366 1676 2454 1718 eos,

281 1757 465 1800 quorum
494 1741 582 1786 ista
609 1741 871 1799 pronomina
897 1741 1114 1806 legentem
1142 1741 1392 1798 admonent,
1422 1747 1537 1798 ante,
1567 1756 1699 1800 saepe
1724 1741 1920 1800 proxime
1942 1748 2044 1786 ante
2065 1740 2314 1786 nominatos
2345 1755 2455 1785 esse.

280 1819 437 1879 Itaque
460 1819 544 1864 boc
565 1819 743 1863 nomine
765 1834 854 1864 non
880 1819 1031 1879 inepta
1057 1826 1192 1876 erant,
1226 1834 1337 1879 quae
1364 1835 1447 1865 nos
1479 1819 1585 1864 olim
1606 1834 1983 1879 proposueramus,
2016 1816 2097 1880 (τῷ
2128 1805 2178 1864 δὲ
2208 1820 2317 1878 ξένῳ
2349 1815 2457 1863 ἄπο·

281 1895 474 1955 διδόναι)
503 1898 580 1955 τὴν
598 1896 834 1955 ἐπιχώριον
861 1895 979 1959 αῧτῷ
1005 1899 1171 1956 ἐκείνῳ,
1199 1906 1243 1942 et
1262 1898 1372 1943 haec
1399 1905 1517 1943 certe
1544 1898 1805 1943 emendandi
1832 1898 1945 1943 ratio
1966 1898 2220 1957 praestabat
2242 1897 2312 1954 iis,
2346 1912 2457 1957 quae

281 1979 554 2037 Bernaysius
582 1985 685 2022 ante
712 1993 794 2022 nos
822 1984 1069 2036 temptarat,
1094 1985 1138 2022 et
1158 1993 1268 2037 quae
1291 1986 1445 2036 postea
1464 1977 1709 2035 Kaibelius,
1743 1979 1820 2037 qui
1845 1993 1901 2022 ne
1928 1977 2177 2022 admonitus
2206 1977 2382 2035 quidem
2410 1991 2457 2021 se

279 2058 461 2102 retineri
481 2073 509 2101 a
529 2058 601 2100 via
623 2056 753 2101 devia
774 2057 924 2101 voluit.
1580 2098 1583 2101 Α

499 2137 564 2179 At
584 2151 701 2191 vero,
735 2144 785 2179 ut
802 2137 948 2180 vineta
968 2144 1129 2193 eqomet
1149 2137 1324 2180 caedam
1344 2151 1455 2191 mea,
1487 2136 1634 2193 inquit
1653 2134 1878 2192 Horatius,
1900 2134 2088 2180 fatemur
2106 2134 2154 2178 in
2174 2134 2264 2178 illis
2285 2148 2457 2192 quoque

284 2220 472 2260 erratum
494 2229 592 2259 esse
614 2228 757 2273 neque
780 2229 833 2259 ea
852 2221 969 2259 stare
989 2229 1133 2273 posse.
1182 2211 1324 2273 Saepe
1345 2213 1652 2259 admonuimus
1674 2212 1989 2271 adulescentes,
2010 2227 2199 2273 quorum
2218 2211 2366 2258 studia
2391 2226 2458 2257 re-

284 2307 384 2349 gere
407 2292 669 2348 solebamus,
703 2299 751 2336 ut
771 2291 819 2335 in
841 2306 999 2336 manca
1020 2292 1217 2336 oratione
1239 2306 1337 2336 cum
1359 2292 1664 2351 supplementa
1684 2298 1951 2350 quaeruntur
1970 2298 2155 2336 caveant
2172 2305 2230 2335 ne
2256 2289 2458 2342 addendo

284 2370 415 2415 simul
437 2379 647 2428 cogantur
677 2387 853 2416 movere
881 2386 994 2430 quae
1026 2370 1189 2416 tradita
1219 2379 1410 2417 exstant:
1445 2371 1609 2435 nullam
1643 2386 1773 2430 posse
1802 2370 1935 2416 fidem
1965 2370 2128 2416 habere
2157 2369 2460 2429 supplementa

284 2465 396 2508 quae
417 2448 501 2493 hac
522 2449 779 2494 condicione
807 2449 996 2495 orationi
1024 2449 1312 2494 inculcentur.
1360 2449 1460 2495 Hoc
1490 2458 1770 2508 praeceptum
1796 2465 1823 2494 a
1848 2449 1977 2495 nobis
2008 2448 2243 2507 migratum
2275 2454 2355 2494 est.
2403 2447 2459 2492 In

282 2529 381 2572 istis
405 2528 523 2571 enim
552 2527 862 2572 additamentis
888 2528 938 2572 δὲ
959 2527 1188 2586 particula,
1212 2528 1383 2572 tantula
1399 2543 1498 2584 vox,
1522 2528 1724 2586 neglecta
1739 2533 1824 2583 est3
1845 2541 1959 2585 quae
1975 2526 2091 2586 quod
2108 2526 2357 2572 abiicienda
2371 2541 2458 2570 non

281 2606 377 2663 fuit,
412 2605 500 2649 nisi
522 2592 700 2664 propter
721 2621 773 2649 ea
793 2620 905 2665 quae
926 2606 1011 2666 ipsi
1036 2594 1290 2663 adiecimus,
1325 2606 1589 2664 gravissima
1616 2605 1742 2650 testis
1769 2606 1953 2661 exstitit,
1986 2605 2189 2665 quamvis
2216 2604 2460 2649 iustissima

283 2686 343 2729 sit
362 2684 596 2739 sententia,
630 2685 872 2728 orationem
895 2700 1043 2728 veram
1065 2700 1153 2728 non
1177 2700 1274 2729 esse
1294 2685 1393 2729 istis
1416 2685 1734 2744 supplementis
1755 2692 1980 2729 resartam.

500 2763 658 2822 Itaque
679 2763 761 2808 Ιιασ
778 2779 869 2807 non
887 2766 1102 2820 succeseit,
1135 2764 1229 2809 alia
1248 2766 1558 2823 aqyrediamar
1576 2765 1667 2819 via,
1690 2771 1739 2808 ut
1758 2764 1821 2808 ait
1839 2763 2013 2820 Davus3
2046 2778 2309 2822 quamquam
2341 2763 2460 2808 viam

283 2843 462 2888 omnino
485 2840 673 2887 eandem
694 2840 983 2887 insistendam
1006 2841 1219 2899 ducimus,
1250 2857 1346 2888 eam
1369 2842 1542 2888 scilicet
1560 2857 1649 2902 qua
1668 2841 1765 2887 fieri
1786 2841 1927 2901 possit
1945 2849 1995 2887 ut
2013 2842 2141 2896 ξένου
2160 2840 2295 2899 notio,
2328 2855 2459 2901 quam

283 2922 440 2969 abesse
468 2937 557 2968 non
585 2935 718 2982 posse
741 2919 945 2979 diximus,
980 2928 1083 2982 apta
1103 2922 1300 2969 oratione
1323 2928 1367 2969 et
1387 2937 1500 2983 quae
1521 2920 1694 2968 traditis
1716 2921 1862 2968 verbis
1884 2927 2036 2982 parcat
2064 2919 2314 2982 recipiatur.
2360 2918 2461 2967 Hoc

282 3002 416 3059 igitur
448 3001 628 3046 videant
657 3000 691 3045 ii
724 3000 763 3045 si
796 3000 872 3058 qui
903 2998 1013 3044 haec
1043 3000 1193 3059 legent
1227 3007 1373 3046 utrum
1403 3014 1523 3046 nunc
1554 3000 1684 3045 nobis
1713 2999 1947 3058 contigerit
1975 3014 2129 3046 necne.
2177 2997 2462 3059 Suspicamur

282 3081 400 3125 enim
422 3079 531 3125 haec
552 3080 658 3125 olim
680 3078 848 3138 scripta
866 3077 1004 3124 fuisse

647 3163 731 3203 Aet
757 3156 836 3203 τὸν
866 3156 1184 3215 κωμῳδοποιὸν
1213 3157 1289 3215 τὴν
1324 3157 1513 3216 πάτριον
1542 3155 1679 3203 αὑτοῦ
1706 3158 1911 3213 νλῦσσαν
1939 3165 2028 3210 turc
2058 3158 2308 3214 νηοσόποις
2338 3170 2461 3213 περι-

648 3241 841 3289 τιθέναι,
879 3235 1016 3292 (πλὴν
1046 3238 1105 3296 τῷ
1137 3239 1246 3294 ξένῳ
1276 3234 1329 3281 οὗ
1359 3236 1519 3295 ταύτην
1555 3233 1858 3289 ἄνωδιδόναι),
1894 3235 1973 3292 τὴν
2002 3237 2053 3281 da
2081 3234 2314 3293 ἒπιχόριον
2343 3230 2461 3294 αὗτῷ

646 3318 813 3377 ἒκείνῳ.
