2741 3711
1333 125 1387 169 11

279 240 366 288 Hie
385 240 563 303 quidem
583 243 730 289 verbis
749 244 952 305 receptis,
985 244 1143 290 utiam
1161 243 1277 290 hanc
1302 244 1545 291 orationem
1576 244 1670 289 suis
1700 242 1905 288 laudibus
1936 242 2175 301 laudemus,
2209 242 2321 288 nihil
2351 259 2443 287 mu·

281 329 399 366 tatur
423 322 470 367 in
495 322 551 368 iis
572 337 684 382 quae
703 323 868 383 scripta
893 323 1029 369 habet
1053 323 1204 380 codex,
1237 323 1381 381 simul,
1414 323 1531 382 quod
1560 332 1629 368 est
1655 323 1842 368 alterum
1873 337 2021 367 eorum
2053 324 2210 382 quibus
2243 324 2288 367 in
2321 338 2444 381 repa·

280 399 418 445 raudo
438 401 648 447 orationis
680 401 851 447 defectu
880 401 1073 461 prospici
1101 401 1314 459 iubemus,
1348 417 1481 446 causa
1507 409 1576 446 est
1596 401 1756 446 erroris
1777 407 1946 460 aperta:
1980 416 2034 445 ex
2056 402 2224 446 duabus
2245 401 2444 460 partibus

281 480 491 525 orationis
527 481 573 525 in
610 480 797 526 eundem
828 481 993 526 exitum
1025 479 1326 526 desinentibus
1356 481 1651 538 (περιτιθέναι
1674 506 1720 513 -
1749 477 2032 533 ἀποδιδόναι)
2063 480 2244 525 alteram
2276 480 2443 524 librarii

282 559 513 604 oscitantia
533 560 837 619 praetermisit.
874 559 1011 604 Porro
1035 560 1290 617 exceptione
1305 561 1551 606 universae
1583 560 1827 605 sententiae
1858 559 1942 603 rite
1964 565 2009 603 et
2029 575 2084 603 ex
2104 576 2186 604 usu
2217 557 2313 617 (per
2334 559 2445 615 πλὴν

281 636 560 697 particulam)
588 639 786 684 subiecta
813 653 866 683 eo
892 637 1034 697 magis
1060 638 1336 697 perspicuum
1366 639 1430 695 fit,
1463 639 1575 683 nihil
1605 647 1694 690 τοῖς
1724 636 1977 695 προσείποις
2008 653 2088 681 nec
2120 637 2271 687 ἄλλοις
2302 652 2442 695 neque

280 718 523 776 ἆπιχορίοις
542 717 791 763 addendum
811 717 967 773 fuiss03
999 722 1045 761 et
1064 717 1192 761 nobis
1213 733 1301 761 una
1320 717 1508 762 addendi
1530 733 1663 777 opera
1683 717 1864 774 defungi
1884 717 2058 761 licebat.
2099 715 2277 774 Optime
2299 724 2444 760 autem

280 798 395 841 inter
424 812 473 842 se
503 798 665 855 opponi
694 803 876 855 apparet
904 794 980 854 τὴν
1009 793 1195 852 πάτριον
1224 794 1358 841 αὑτοῦ
1386 799 1587 851 γλῶσσαν
1618 805 1663 841 et
1692 798 1769 854 τὴν
1800 797 1849 841 δὲ
1875 795 2109 852 ἕπιχοόριον
2137 792 2254 855 αὗτῷ
2280 796 2445 852 enirm,

280 883 325 921 et
353 876 560 934 quoniam
589 875 821 921 Kaibelius
851 873 1084 931 ἐπιχώριον
1112 873 1295 920 ἑκάστου
1324 875 1478 921 maluit
1508 891 1638 934 quam
1665 874 1901 933 ἓπιχοόριον
1927 871 2063 935 αὗτῷ,
2095 890 2182 919 non
2204 874 2444 919 omittimus

280 955 414 1001 verbo
434 970 613 1001 monere
632 953 744 1000 nihil
767 952 970 1000 usitatius
1002 968 1100 999 esse
1120 968 1250 1013 quam
1272 968 1370 999 cnm
1396 955 1608 1015 ἐπιχωρίῳ
1636 955 1916 1000 coniunctum
1939 954 2116 1000 tertium
2138 968 2301 1010 casum,
2327 954 2445 998 velut

280 1033 535 1089 Pausanias,
566 1039 616 1078 ut
640 1032 727 1078 hoc
747 1039 933 1090 utamur,
964 1044 1031 1078 vn
1054 1033 1125 1090 17,
1150 1032 1208 1078 10
1228 1033 1382 1078 scribit
1407 1034 1651 1092 νομίζουσιν
1670 1030 1749 1090 οὗχ
1768 1034 1878 1079 οὕτω
1899 1032 1953 1078 τὰ
1975 1034 2020 1084 ἐς
2041 1032 2118 1077 τόν
2130 1030 2306 1089 Ἄττην,
2327 1031 2445 1077 ἄλλα

278 1109 507 1169 ἕπιχοίριός
536 1112 651 1156 ἔστιν
680 1110 814 1162 ἄλλος
844 1114 991 1168 σφίσιν
1021 1111 1066 1162 ὃς
1086 1108 1220 1155 αὐτὸν
1240 1110 1367 1166 λόγος
1387 1112 1457 1155 vel
1478 1113 1584 1156 ibid.
1608 1114 1677 1168 21,
1705 1114 1728 1156 7
1753 1113 1999 1157 Ποσειδῶνι
2021 1144 2032 1156 .
2055 1145 2066 1155 .
2089 1114 2164 1155 καὶ
2184 1113 2277 1166 ἰδίᾳ
2298 1115 2446 1169 σφίσιν

278 1188 489 1247 dmm-'eoa
519 1188 627 1234 ὄντα
656 1185 891 1247 (ὀνόματα)
922 1191 1092 1233 ἔκαστοι
1117 1192 1326 1234 τίθενται.
1363 1189 1511 1234 Unum
1540 1197 1678 1234 restat
1708 1191 1824 1248 quod
1852 1191 1922 1234 vel
1949 1191 2139 1234 maxime
2171 1189 2445 1233 defendentis

279 1284 455 1327 operam
484 1268 679 1328 requirit,
711 1281 768 1311 ne
798 1267 1003 1312 labantur
1032 1282 1181 1312 rursus
1213 1283 1323 1327 quae
1354 1268 1482 1313 nobis
1513 1268 1770 1313 videbamur
1804 1270 1972 1313 firmius
2010 1269 2292 1325 stabilivisse,
2334 1269 2442 1312 illud

280 1347 465 1392 dicimus
487 1346 603 1406 quod
625 1347 735 1391 haec
755 1346 843 1392 sibi
863 1347 1081 1392 contraria
1099 1346 1281 1392 fecimus
1313 1344 1373 1392 οὗ
1392 1346 1552 1406 ταύτην
1572 1345 1852 1401 ἀποδιδόναι,
1879 1348 1957 1405 τὴν
1983 1349 2011 1392 δ
2017 1349 2038 1392 ὲ
2057 1348 2289 1405 ἐπιχώριον
2309 1345 2442 1408 αὐτῷ.

279 1425 367 1471 Sed
388 1426 503 1471 hanc
524 1425 844 1471 dubitationem
864 1426 903 1470 si
924 1440 1012 1485 qua
1032 1432 1101 1471 est
1119 1426 1276 1470 tollent
1297 1426 1498 1486 exempla
1516 1442 1656 1485 pauca
1677 1427 1851 1484 selecta,
1876 1428 2064 1485 primum
2083 1427 2293 1484 Platonis,
2318 1428 2440 1471 euius

278 1505 350 1549 vel
369 1504 478 1549 haec
498 1514 602 1549 sunt
622 1504 676 1549 de
696 1504 868 1561 legibus
887 1517 906 1549 1
926 1519 969 1562 p.
991 1504 1079 1550 637
1099 1504 1141 1547 d-

638 1584 749 1637 λέγω
781 1583 831 1628 δὲ
861 1580 950 1627 οὐκ
980 1586 1102 1628 οἴνου
1132 1585 1231 1640 περὶ
1260 1580 1429 1634 πόσεως
1459 1581 1507 1627 τὸ
1540 1582 1755 1640 παράπαν
1782 1584 1808 1641 ἢ
1835 1583 1910 1641 μή,
1942 1587 2083 1641 μέθης
2110 1584 2164 1628 δὲ
2191 1581 2319 1642 αὗτῆς
2345 1588 2444 1640 πέρι

639 1659 822 1718 πότερον
843 1693 856 1705 ·
877 1693 890 1706 ·
911 1664 1131 1719 κωπῶν,

277 1741 349 1785 vel
374 1740 482 1786 ibid.
504 1755 548 1799 p.
565 1741 698 1786 640b

636 1821 718 1864 νῦν
733 1820 783 1864 δέ
796 1836 846 1874 γε
861 1817 921 1864 οὗ
935 1820 1229 1877 στρατοπέδου
1248 1823 1348 1877 περὶ
1368 1820 1552 1879 λέγομεν
1572 1820 1779 1877 ἄρξοντος
1799 1822 1849 1866 ἐν
1869 1819 2044 1878 ἀνδρῶν
2060 1820 2248 1878 ὁμιλίαις
2269 1823 2445 1877 ἐχθρῶν

637 1899 817 1955 ἐχθροῖς
829 1896 941 1956 μετὰ
960 1900 1171 1956 πολέμου,
1191 1901 1334 1958 ’φίλων
1354 1900 1400 1943 δ’
1416 1901 1466 1943 ἐν
1485 1899 1629 1960 εἰρήνῃ
1649 1899 1756 1956 πρὸς
1778 1902 1932 1957 φίλους
1952 1900 2301 1958 κοινωνησόντων
2322 1903 2444 1958 φιλο·

637 1975 873 2035 φροσϋνης,
904 1993 1017 2035 quae
1038 1977 1171 2036 plana
1197 1986 1300 2022 sunt
1321 1985 1365 2023 et
1391 1979 1589 2023 mutandi
1620 1979 1800 2023 licentia
1830 1986 2003 2037 sumpta
2034 1980 2339 2035 obscurantur3
2375 1981 2445 2024 vel

278 2062 327 2100 ut
346 2055 432 2100 tria
451 2056 542 2100 sint
560 2055 668 2101 ibid.
690 2071 733 2114 p.
756 2056 846 2102 643
862 2072 887 2101 e

637 2131 695 2179 οὗ
719 2133 805 2191 γὰρ
827 2135 964 2180 ταῦτα
984 2133 1236 2193 ἡγουμένων
1262 2130 1324 2187 ὦς
1350 2136 1460 2181 ἔοικ’
1479 2138 1593 2181 εἶναι
1623 2138 1831 2182 παιδείαν
1858 2136 1882 2181 ὃ
1908 2138 1989 2182 νῦν
2015 2137 2142 2192 λόγος
2175 2138 2234 2182 ἂν
2258 2141 2339 2195 εἴη,
2370 2136 2446 2194 τὴν

636 2211 693 2256 δὲ
713 2210 823 2270 πρὸς
842 2209 998 2270 ἀρετὴν
1018 2214 1066 2258 ἐκ
1085 2213 1260 2259 παίδων
1281 2214 1500 2259 παιδείαν.

278 2290 366 2345 Qui
387 2305 491 2335 usus
512 2290 674 2334 multus
696 2297 762 2334 est
781 2291 829 2334 in
849 2291 1002 2335 libello
1021 2294 1122 2348 περὶ
1140 2292 1300 2350 ὕψους,
1319 2293 1441 2335 velut
1458 2305 1641 2337 xxxvm
1659 2294 1690 2336 4

637 2363 697 2414 οὗ
721 2366 808 2424 γὰρ
837 2366 886 2413 τὸ
915 2370 1099 2428 πρᾶγμα
1136 2372 1262 2415 brena
1282 2370 1355 2428 τῆς
1382 2370 1601 2428 περβολῆς
1628 2369 2070 2428 παραλαμβάνεσθαι
2090 2370 2223 2423 δοκεῖ,
2255 2367 2280 2427 ἦ
2308 2368 2441 2427 ὕπερ·

634 2445 743 2504 βολὴ
763 2447 803 2490 δ’
816 2443 1016 2501 εὐλόγως
1034 2449 1284 2502 γεννᾶσθαι
1303 2447 1412 2503 πρὸς
1432 2450 1509 2492 τοῦ
1527 2449 1797 2505 πράγματος.

277 2523 366 2569 Sed
397 2524 480 2569 hoc
510 2525 712 2582 persequi
743 2525 1088 2582 supersedemus,
1121 2527 1437 2583 praevertimus
1468 2526 1535 2569 illi
1561 2526 1751 2569 Dionem
1772 2525 2148 2583 Chrysostomum,
2183 2528 2305 2570 cuiue
2327 2542 2439 2584 quae

275 2608 379 2646 sunt
397 2603 443 2646 in
467 2617 530 2646 or.
549 2614 645 2646 ην
665 2602 693 2646 2

634 2680 740 2736 παρ’
761 2678 861 2736 ὖμτν
887 2680 937 2724 δὲ
956 2680 1015 2725 ἂν
1035 2680 1178 2733 διεξίω
1204 2678 1280 2725 τὸν
1306 2683 1378 2737 τῆς
1399 2680 1540 2738 φυγῆς
1562 2679 1732 2736 χρόνον,
1760 2677 1850 2726 οὖν
1877 2677 2120 2738 ὀδύρεσθαί
2138 2699 2193 2739 με
2214 2680 2340 2740 φήσει
2360 2698 2438 2735 τις,

636 2756 748 2804 πολὺ
775 2757 830 2804 δὲ
854 2758 1023 2817 μᾶλλον
1052 2754 1417 2812 ἀλαζονεύεσθαι,

275 2837 345 2883 vel
367 2851 430 2884 or.
451 2848 598 2883 xxxVI
617 2837 675 2882 61

635 2917 675 2961 εἴ
700 2916 750 2961 δὲ
768 2913 958 2974 ἀτεχνῶς
977 2913 1152 2976 ὕψηλόν
1172 2932 1216 2961 τε
1243 2918 1317 2960 καὶ
1336 2917 1531 2975 ἐξίτηλον
1550 2919 1696 2976 απέβη
1723 2915 1772 2960 τὸ
1797 2919 1873 2961 τοῦ
1900 2918 2032 2973 λόγου
2052 2919 2193 2975 σχῆμα
2215 2949 2228 2961 .
2251 2949 2263 2961 .
2286 2949 2315 2970 .,
2348 2935 2437 2963 ουκ

635 2997 712 3052 ἐμὲ
737 2995 863 3048 ἄξιον
888 2998 1137 3048 αἰτιᾶσθαι,
1164 2996 1242 3053 τὴν
1262 2997 1318 3040 δὲ
1339 2998 1677 3052 Βορυσθεννυῦν
1705 2995 1903 3049 ἐξίωσιν,
1929 2997 1989 3047 ὥς
2009 2997 2102 3041 τόιτ
2121 2999 2279 3042 ἐκεῖνοι
2298 3001 2440 3052 λέγειν

634 3077 921 3131 ’mmm

276 3154 476 3200 volumus
496 3153 624 3198 nobis
645 3154 762 3198 viam
782 3154 953 3198 munire
973 3153 1028 3198 ad
1051 3153 1379 3212 disceptandum
1400 3153 1546 3197 locum
1568 3153 1786 3212 quendam
1813 3154 1906 3198 eius
1933 3155 2131 3211 oratorie,
2166 3170 2295 3213 quem
2317 3172 2346 3200 a
2364 3172 2440 3200 no-

275 3233 457 3278 vissimo
488 3231 653 3277 editore
682 3248 835 3291 parum
865 3238 984 3278 recte
1013 3238 1248 3277 tractatum
1278 3231 1478 3277 videmur
1509 3233 1637 3277 nobis
1668 3232 1746 3276 illa
1775 3233 2082 3278 observatione
2113 3239 2287 3280 utentes
2307 3237 2440 3280 tutari

277 3318 412 3371 atque
443 3311 660 3371 explicare
689 3327 833 3371 posse.
879 3310 1108 3370 Leguntur
1137 3310 1246 3357 haec
1275 3311 1321 3356 in
1353 3311 1548 3356 oratioue
1580 3309 1633 3356 de
1664 3326 1840 3358 secessu
1868 3325 1934 3358 xx
1957 3313 1981 3357 ’1

2099 3394 2150 3432 2·
